  @article{53collopy2011value,
  title={Value-driven design},
  author={Collopy, Paul D and Hollingsworth, Peter M},
  journal={J
  ournal of aircraft},
  volume={48},
  number={3},
  pages={749--759},
  year={2011}
}

@misc{china-airports,
  title = {全国民用运输机场布局规划},
  howpublished = {\url{http://www.ndrc.gov.cn/fzgggz/nyjt/fzgh/201703/W020170315443331266314.pdf}},
  note = {Accessed: 2019-02-01}
}


@inproceedings{1318richardson2014incorporating,
  title={Incorporating Value-Driven Design into the Visualization of Design Spaces Using Contextual Self-Organizing Maps: A Case Study of Satellite Design},
  author={Richardson, Trevor and Kannan, Hanumanthrao and Bloebaum, Christina L and Winer, Eliot H},
  booktitle={15th AIAA/ISSMO Multidisciplinary Analysis and Optimization Conference},
  pages={2728},
  year={2014}
}

@inproceedings{1313mullan2012development,
  title={Development of Subsystem Relationships using a Value Driven Design Framework},
  author={Mullan, Claudia and Price, Mark and Soban, Danielle and Fanthorpe, Christine},
  booktitle={12th AIAA Aviation Technology, Integration, and Operations (ATIO) Conference and 14th AIAA/ISSMO Multidisciplinary Analysis and Optimization Conference},
  pages={5459},
  year={2012}
}

@inproceedings{scenario-design,
  title={Scenario Based Aircraft Design using Knowledge Based Software Methods},
  author={G. Dirks, A. Schneegans},
  booktitle={ICAS 2000 Congress},
  pages={5103},
  year={2000}
}


@inproceedings{1312downen2006methodology,
  title={A methodology for Value-Driven Business Airplane Design},
  author={Downen, Troy},
  booktitle={6th AIAA Aviation Technology, Integration and Operations Conference (ATIO)},
  pages={7765},
  year={2006}
}

@inproceedings{1310kwasa2015value,
  title={Value Impact of an Organization Structure in the Context of Value-Driven Design},
  author={Kwasa, Benjamin and Bloebaum, Christina L and Mesmer, Bryan},
  booktitle={56th AIAA/ASCE/AHS/ASC Structures, Structural Dynamics, and Materials Conference},
  pages={1364},
  year={2015}
}

@inproceedings{1309mullan2011analytical,
  title={An analytical study of surplus value using a Value Driven Design methodology},
  author={Mullan, Claudia and Price, Mark and Soban, Danielle and Butterfield, Joseph and Murphy, Adrian},
  booktitle={11th AIAA Aviation Technology, Integration, and Operations (ATIO) Conference, including the AIAA Balloon Systems Conference and 19th AIAA Lighter-Than},
  pages={6838},
  year={2011}
}

@misc{Airbusgmf,
  title = {{Airbus} Global Market Forcast},
  howpublished = {\url{https://www.airbus.com/content/dam/corporate-topics/publications/media-day/GMF-2018-2037.pdf}},
  note = {Accessed: 2019-02-01}
}

@misc{Boeingcmo,
  title = {{Boeing} Commercial Market Outlook},
  howpublished = {\url{https://www.boeing.com/commercial/market/commercial-market-outlook/}},
  note = {Accessed: 2019-02-01}
}

@misc{comacmf,
  title = {{COMAC} Civil Aircraft Market Outlook},
  howpublished = {\url{http://english.comac.cc/news/latest/201710/20/t20171020_5767554.shtml/}},
  note = {Accessed: 2019-02-01}
}

@misc{nasa,
  title = {Future Airplances of {NASA}},
  howpublished = {\url{https://jdasolutions.aero/blog/nasa-future-airplanes/}},
  note = {Accessed: 2019-02-01}
}

@misc{nasa2,
  title = {Future Aircraft of {NASA}},
  howpublished = {\url{https://www.nasa.gov/aero/nasa-selects-three-ideas-to-pursue-that-could-transform-aviation
}},
  note = {Accessed: 2019-02-01}
}

@misc{iata,
  title = {IATA Publications},
  howpublished = {\url{https://www.iata.org/publications/pages/index.aspx}},
  note = {Accessed: 2019-02-01}
}

@misc{iata2035,
  title = {IATA report - Future of the Airline Industry 2035},
  howpublished = {\url{https://www.iata.org/policy/Documents/iata-future-airline-industry.pdf}},
  note = {Accessed: 2019-03-01}
}


@misc{bombardier,
  title = {Bombardier Commercial Aircraft},
  howpublished = {\url{https://commercialaircraft.bombardier.com/en/media
}},
  note = {Accessed: 2019-02-01}
}

@inproceedings{1307goetzke2015value,
  title={Value-driven design of non-commercial systems using bargain modeling},
  author={Goetzke, Erik D and Bloebaum, Christina L and Mesmer, Bryan},
  booktitle={56th AIAA/ASCE/AHS/ASC Structures, Structural Dynamics, and Materials Conference},
  pages={0134},
  year={2015}
}

@article{1302tibor2014visualization,
  title={Visualization-based decision support for value-driven system design},
  author={Tibor, Elliott},
  year={2014}
}

@article{1297monceaux2014overview,
  title={Overview of value-driven design research: Methods, applications, and relevance for conceptual design},
  author={Monceaux, Anne and Kossmann, Mario and Wiseall, Steve and Bertoni, Marco and Isaksson, Ola and Eres, Hakki and Bertoni, Alessandro and Rianantsoa, Ndrianarilala},
  journal={Insight},
  volume={17},
  number={4},
  pages={37--39},
  year={2014},
  publisher={Wiley Online Library}
}

@inproceedings{1271ross2010aligning,
  title={Aligning perspectives and methods for value-driven design},
  author={Ross, Adam and O'Neill, M Gregory and Hastings, Daniel and Rhodes, Donna},
  booktitle={AIAA Space 2010 Conference \& Exposition},
  pages={8797},
  year={2010}
}

@article{1267zhang2013prescriptive,
  title={A prescriptive approach to qualify and quantify customer value for value-based requirements engineering},
  author={Zhang, Xinwei and Auriol, Guillaume and Eres, Hakki and Baron, Claude},
  journal={International Journal of Computer Integrated Manufacturing},
  volume={26},
  number={4},
  pages={327--345},
  year={2013},
  publisher={Taylor \& Francis}
}

@inproceedings{1210cheung2009aerospace,
  title={An aerospace component cost modelling study for value driven design},
  author={Cheung, JMW and Scanlan, JP and Wiseall, SS},
  booktitle={Proceedings of the 19th CIRP Design Conference--Competitive Design},
  year={2009},
  organization={Cranfield University Press}
}

@inproceedings{1140collopy2012distinct,
  title={The distinct and interrelated roles of value-driven design, multidisciplinary design optimization, and decision analysis},
  author={Collopy, Paul and Bloebaum, Christina and Mesmer, Bryan and Green, Lawrence},
  booktitle={12th AIAA Aviation Technology, Integration, and Operations (ATIO) Conference and 14th AIAA/ISSMO Multidisciplinary Analysis and Optimization Conference},
  pages={5575},
  year={2012}
}

@inproceedings{1128monceaux20127,
  title={7.4. 1 Towards a Value-Driven Design Methodology--Enhancing Traditional Requirements Management Within the Extended Enterprise},
  author={Monceaux, Anne and Kossmann, Mario},
  booktitle={INCOSE International Symposium},
  volume={22},
  number={1},
  pages={910--925},
  year={2012},
  organization={Wiley Online Library}
}

@article{777curran2010value,
  title={Value-Driven Design and Operational Value},
  author={Curran, Rickard},
  journal={Encyclopedia of Aerospace Engineering},
  year={2010},
  publisher={Wiley Online Library}
}

@inproceedings{677curran2010value,
  title={Value operations methodology for value driven design: medium range passenger airliner validation},
  author={Curran, Richard and Beelaerts van Blokland, Wouter and Abu-Kias, T and Repco, MJF and Sprengers, YLJ and Van Der Zwet, PNC S},
  booktitle={48th AIAA aerospace sciences meeting including the new horizons forum and aerospace exposition},
  pages={847},
  year={2010}
}

@article{627cheung2012application,
  title={Application of value-driven design to commercial aeroengine systems},
  author={Cheung, Julie and Scanlan, James and Wong, James and Forrester, Jennifer and Eres, Hakki and Collopy, Paul and Hollingsworth, Peter and Wiseall, Steve and Briceno, Simon},
  journal={Journal of Aircraft},
  volume={49},
  number={3},
  pages={688--702},
  year={2012}
}

@inproceedings{1dahlgren20069,
  title={9.3. 2 “Real Options and Value Driven Design in Spiral Development”},
  author={Dahlgren, John W},
  booktitle={INCOSE International Symposium},
  volume={16},
  number={1},
  pages={1308--1317},
  year={2006},
  organization={Wiley Online Library}
}

@article{377cheung2012application,
  title={Application of value-driven design to commercial aeroengine systems},
  author={Cheung, Julie and Scanlan, James and Wong, James and Forrester, Jennifer and Eres, Hakki and Collopy, Paul and Hollingsworth, Peter and Wiseall, Steve and Briceno, Simon},
  journal={Journal of Aircraft},
  volume={49},
  number={3},
  pages={688--702},
  year={2012}
}

@inproceedings{434cheung2009aerospace,
  title={An aerospace component cost modelling study for value driven design},
  author={Cheung, JMW and Scanlan, JP and Wiseall, SS},
  booktitle={Proceedings of the 19th CIRP Design Conference--Competitive Design},
  year={2009},
  organization={Cranfield University Press}
}

@inproceedings{515castagne2006value,
  title={Value driven design optimization of aircraft structures},
  author={Castagne, Sylvie and Curran, Richard and Price, Mark and Collopy, Paul and Murphy, Adrian and Raghunathan, Srinivasan},
  booktitle={6th AIAA Aviation Technology, Integration and Operations Conference (ATIO)},
  pages={7766},
  year={2006}
}

@inproceedings{516ferraro2012toward,
  title={Toward Value-Driven Design of a small, low-cost UAV},
  author={Ferraro, Mario and Gorissen, Dirk and Scanlan, James and Keane, Andy and Quaranta, Erika and Schumann, Benjamin and Van Schaik, Jeroen and Bolinches i Gisbert, Marc},
  booktitle={53rd AIAA/ASME/ASCE/AHS/ASC Structures, Structural Dynamics and Materials Conference 20th AIAA/ASME/AHS Adaptive Structures Conference 14th AIAA},
  pages={1723},
  year={2012}
}

@book{breuer2016commercial,
	title="Commercial Aircraft Composite Technology",
	author="Ulf Paul {Breuer}",
	year="2016"
}

%%%%%% new compile 20190326
@inproceedings{rizzi2011coupling,
	title="Coupling parametric aircraft lofting to CFD a CSM grid generation for conceptual design",
	author="Arthur {Rizzi} and Jesper {Oppelstrup} and Mengmeng {Zhang} and Maximillian {Tomac}",
	booktitle="49th AIAA Aerospace Sciences Meeting including the New Horizons Forum and Aerospace Exposition",
	year="2011"
}

@inproceedings{brezillon2012development,
	title="Development and application of multi-disciplinary optimization capabilities based on high-fidelity methods",
	author="Joel {Brezillon} and Arno {Ronzheimer} and Danil {Haar} and Mohammad {Abu-Zurayk} and Markus {Lummer} and Wolf-Reiner {Krüger} and Franz Josef {Natterer}",
	booktitle="53rd AIAA\addslash ASME\slash ASCE\slash AHS\slash ASC Structures, Structural Dynamics and Materials Conference, 20th AIAA\slash ASME\slash AHS Adaptive Structures Conference 14th AIAA",
	year="2012"
}

@article{ghoman2012multifidelity,
	title="Multifidelity, Multistrategy, and Multidisciplinary Design Optimization Environment",
	author="Satyajit S. {Ghoman} and Rakesh K. {Kapania} and P. C. {Chen} and Darius {Sarhaddi} and D. H. {Lee}",
	journal="Journal of Aircraft",
	volume="49",
	number="5",
	pages="1255--1270",
	year="2012"
}

@inproceedings{dean2009mdo,
	title="MDO-based concept modelling and the impact of fuel systems on wing design",
	author="Steven R. H. {Dean} and John J. {Doherty} and Thomas R. {Wallace}",
	booktitle="47th AIAA Aerospace Sciences Meeting including The New Horizons Forum and Aerospace Exposition",
	year="2009"
}

@inproceedings{rosin2004wing,
	title="Wing Planform Optimization of a Transport Aircraft",
	author="Paulo Ferrucio {Rosin} and Bento Silva de {Mattos} and Roberto da Mota {Girardi} and Pedro {Paglione}",
	booktitle="22nd Applied Aerodynamics Conference and Exhibit",
	year="2004"
}

@incollection{guenov2010multidisciplinary,
	title="Multidisciplinary Wing Design Optimization",
	author="Marin D. {Guenov} and Ernst {Kesseler}",
	pages="127--154",
	year="2010"
}

%%% how to cite presentations here
@inproceedings{aero133,
     author  = "Ulrich Herrmann.",
     title   = "Multidiscipline (optimisation) activitives at DLR",
     publisher = "Multi Disciplinary Design and Optimisation Workshop, Braunschweig, Germany",
     year    = 2008
}


@inproceedings{aero126,
     author  = "Steven Dean",
     title   = "Multi-disciplinary Design Optimisation: Development and Application at QinetiQ",
     publisher = "KATnet II Multidisciplinary Design and Configuration Optimisation Workshop",
     year    = 2008
}


@inproceedings{aero132,
     author  = "G. Carrier and  S. Mouton and  M.Marcelet and  C. Blondeau",
     title   = "From Aerodynamic to Multidisciplinary Optimisation of Transonic Transport Aircraft",
     publisher = "KATnet2 28-29 Jan Braunschweig",
     year    = 2008
}

@inproceedings{key,
     author  = "Obama, B.",
     title   = "State of the Union Address",
     publisher = "Presented as the 220th Annual State of the Union Address, Washington, DC",
     year    = 2010
}

@inproceedings{bevilaqua2016aircraft,
	title="Aircraft Design for Best Value",
	author="Paul M. {Bevilaqua}",
	booktitle="54th AIAA Aerospace Sciences Meeting",
	year="2016"
}

@article{holzel2014an,
	title="An Aircraft Lifecycle Approach for the Cost-Benefit Analysis of Prognostics and Condition-based Maintenance based on Discrete Event Simulation",
	author="Nico B {Holzel} and Thomas {Schilling} and Volker {Gollnick}",
	journal="",
	year="2014"
}


@inproceedings{docsys,
  title = {DOCsys - A Method to Evaluate Aircraft Systems},
  author="D. Scholz",
  booktitle = "In: SCHMITT, D. (Hrsg.): Bewertung von Flugzeugen (Workshop: DGLR Fachausschuß S2 - Luftfahrtsysteme, München, 26./27. Oktober 1998). Bonn : Deutsche Gesellschaft für Luft- und Raumfahrt, 1998. – http://Paper.ProfScholz.de ",
  note = {Accessed: 2019-02-01}
}

@inproceedings{allison2006analytical,
	title="Analytical target cascading in aircraft design",
	author="James {Allison} and David {Walsh} and Michael {Kokkolaras} and Panos Y. {Papalambros} and Matthew {Cartmell}",
	booktitle="AIAA Aerospace Sciences Meeting and Exhibit :  09/01/2006 - 12/01/2006",
	pages="16112--16120",
	year="2006"
}

@article{tan2000quality,
	title="Quality functional deployment as a conceptual aircraft design tool",
	author="Rendell Kheng Wah. {Tan}",
	journal="",
	year="2000"
}
@article{nelson1977life,
	title="Life-Cycle Analysis of Aircraft Turbine Engines",
	author="J R {Nelson}",
	journal="",
	year="1977"
}

@article{younossi2002military,
	title="Military Jet Engine Acquisition: Technology Basics and Cost-Estimating Methodology",
	author="Obaid {Younossi} and Mark V. {Arena} and Richard M. {Moore} and Mark {Lorell} and Joanna {Mason}",
	journal="",
	year="2002"
}

@article{johnson1990minimizing,
	title="Minimizing Life Cycle Cost for Subsonic Commercial Aircraft",
	author="Vicki S. {Johnson}",
	journal="Journal of Aircraft",
	volume="27",
	number="2",
	pages="139--145",
	year="1990"
}

@inproceedings{tong2008an,
	title="An Object-oriented Computer Code for Aircraft Engine Weight Estimation",
	author="Michael T. {Tong} and Bret A. {Naylor}",
	booktitle="Volume 1: Aircraft Engine; Ceramics; Coal, Biomass and Alternative Fuels; Manufacturing, Materials and Metallurgy; Microturbines and Small Turbomachinery",
	pages="1--7",
	year="2008"
}

@article{lytle2000numerical,
	title="Numerical Propulsion System Simulation: An Overview",
	author="John K. {Lytle}",
	journal="",
	year="2000"
}

@article{mccullers1984aircraft,
	title="Aircraft configuration optimization including optimized flight profiles",
	author="L. A. {Mccullers}",
	journal="",
	year="1984"
}

@article{jeschke2004preliminary,
	title="Preliminary Gas Turbine Design Using the Multidisciplinary Design System MOPEDS",
	author="P. {Jeschke} and J. {Kurzke} and R. {Schaber} and C. {Riegler}",
	journal="Journal of Engineering for Gas Turbines and Power-transactions of The Asme",
	volume="126",
	number="2",
	pages="258--264",
	year="2004"
}

@article{kontos1996improved,
	title="Improved NASA-ANOPP Noise Prediction Computer Code for Advanced Subsonic Propulsion Systems",
	author="K. B. {Kontos} and B. A. {Janardan} and P. R. {Gliebe}",
	journal="",
	year="1996"
}

@article{avellán2007preliminary,
	title="Preliminary Design of Subsonic Transport Aircraft / Engines",
	author="Richard {Avellán} and Tomas {Grönstedt}",
	journal="",
	year="2007"
}

@article{jones2003a,
	title="A Preliminary Engine Design Process for an Affordable Capability",
	author="M J {Jones} and S J {Bradbrook} and K {Nurney}",
	journal="",
	year="2003"
}

@article{hollingsworth2011an,
	title="An Investigation of Value Modelling for Commercial Aircraft",
	author="Peter {Hollingsworth} and Richard {Curran} and W {Verhagen} and Frank van der {Zwan} and W W A Beelerts van {Blokland} and A {Ghobbar} and S C {Santema}",
	journal="In: Curran, Richard; Verhagen, W; van der Zwan, Frank; Beelerts van Blokland, W W A; Ghobbar, A; Santema, S C. Air Transport and Operations - Proceedings of the Second International Air Transport and Operations Symposium 2011: 2nd Air Transport and Operations Symposium; 28 Mar 2011-29 Mar 2011; TU Delft, Delf, The Netherlands. IOS Press; 2011. p. 358-371.",
	pages="358--371",
	year="2011"
}

@inproceedings{collopy1997surplus,
	title="Surplus value in propulsion system design optimization",
	author="Paul {Collopy}",
	booktitle="33rd Joint Propulsion Conference and Exhibit",
	year="1997"
}

@article{levenson1972cost,
	title="Cost-Estimating Relationships for Aircraft Airframes",
	author="G. S. {Levenson} and H. E. {Boren} and Dennis P. {Tihansky} and Fred {Timson}",
	journal="",
	year="1972"
}



@article{wang2018particle,
	title="Particle swarm optimization algorithm: an overview",
	author="Dongshu {Wang} and Dapei {Tan} and Lei {Liu}",
	journal="soft computing",
	volume="22",
	number="2",
	pages="387--408",
	year="2018"
}

@article{dugan1972engine,
	title="Engine selection for transport and combat aircraft",
	author="J. F. {Dugan}",
	journal="",
	year="1972"
}

@article{eschweiler,
	title="Advanced Design Procedure for Aircraft Engine Selection",
	author="J. Eschweiler, F.C. Glaser, and R.E. Martens",
	journal="",
	year="1977"
}

@article{liem2015surrogate,
	title="Surrogate models and mixtures of experts in aerodynamic performance prediction for aircraft mission analysis",
	author="Rhea Patricia {Liem} and Charles A. {Mader} and Joaquim R.R.A. {Martins}",
	journal="Aerospace Science and Technology",
	volume="43",
	pages="126--151",
	url="https://academic.microsoft.com/paper/1970821085",
	year="2015"
}

@article{repko2017scenario,
	title="Scenario tree airline fleet planning for demand uncertainty",
	author="M.G.J. {Repko} and Bruno F. Lopes dos {Santos}",
	journal="Journal of Air Transport Management",
	volume="65",
	pages="198--208",
	url="https://academic.microsoft.com/paper/2734970688",
	year="2017"
}



